<?xml version="1.0" encoding="UTF-8"?><collection xmlns="http://www.loc.gov/MARC21/slim"><record><leader>00363nam--2200133-i-4500</leader><controlfield tag="001">000024614</controlfield><controlfield tag="002">20161230</controlfield><controlfield tag="005">20161230201035</controlfield><controlfield tag="008">060222s1000------------r-----000-0-eng-d</controlfield><datafield ind1=" " ind2=" " tag="100"><subfield code="a">Grobner, Wolfgang</subfield></datafield><datafield ind1=" " ind2=" " tag="245"><subfield code="a">Hofreiter, nikolaus</subfield></datafield><datafield ind1=" " ind2=" " tag="260"><subfield code="a">Integraltafel. Erster Teil: Unbestimmte Integrale</subfield></datafield><datafield ind1=" " ind2=" " tag="490"><subfield code="a">Wien, Springer-verlag, 1961. Vi + 551p</subfield></datafield><datafield ind1=" " ind2=" " tag="852"><subfield code="a">519.66</subfield></datafield></record></collection>